%! Author = avime
%! Date = 4/19/2020

@misc{
aliexpress,
    title = {Kids Track Ball Tower Educational Toys For Children Rotating Orbital Voice Balls Toddler Stacking Toy Montessori Materials},
    author = {Bobykids Store},
    url = {https://www.aliexpress.com/item/32932896200.html},
    journal = {AliExpress},
    type = {image},
}

@article{ck12,
    author = {Christopher Auyeung and Zachary Wilson},
    title = {Electric Fields},
    journal = {CK-12 Foundation},
    year = {2012},
    url = {https://www.ck12.org/physics/electric-fields/lesson/Electric-Fields-MS-PS/},
}

@article{hyperphysics,
    author = {R Nave},
    title = {Multiple Point Charges},
    journal = {HyperPhysics},
    year = {},
    url = {http://hyperphysics.phy-astr.gsu.edu/hbase/electric/mulpoi.html},
}

@article{htm,
    author = {Dejan},
    title = {Electric Field},
    journal = {How To Mechatronics},
    year = {},
}

@article{like_pos,
    author = {Riaan},
    title = {File:Fhsst electrost18.png},
    journal = {WikiMedia Commons},
    year = {2005},
    url = {https://commons.wikimedia.org/wiki/File:Fhsst_electrost18.png},
}

@article{like_neg,
    author = {Riaan},
    title = {File:Fhsst electrost19.png},
    journal = {WikiMedia Commons},
    year = {2005},
    url = {https://commons.wikimedia.org/wiki/File:Fhsst_electrost19.png},
}