@misc{Sphere_and_Ball,
    author = {{M}arina{V}ladivostok},
    url = {https://en.wikipedia.org/wiki/File:Sphere_and_Ball.png},
    title = {File:Sphere and Ball.png},
    date = {5 August 2013},
}
